@inproceedings{mugshot,
  title={Mugshot: Deterministic Capture and Replay for JavaScript Applications.},
  author={Mickens, James W and Elson, Jeremy and Howell, Jon},
  booktitle={NSDI},
  volume={10},
  pages={159--174},
  year={2010}
}

@inproceedings{slacost,
 author = {Voorsluys, William and Broberg, James and Venugopal, Srikumar and Buyya, Rajkumar},
 title = {Cost of Virtual Machine Live Migration in Clouds: A Performance Evaluation},
 booktitle = {Proceedings of the 1st International Conference on Cloud Computing},
 series = {CloudCom '09},
 year = {2009},
 isbn = {978-3-642-10664-4},
 location = {Beijing, China},
 pages = {254--265},
 numpages = {12},
 url = {http://dx.doi.org/10.1007/978-3-642-10665-1_23},
 doi = {10.1007/978-3-642-10665-1_23},
 acmid = {1695684},
 publisher = {Springer-Verlag},
 address = {Berlin, Heidelberg},
 keywords = {Virtual machines, Xen, migration, performance evaluation},
} 


@inproceedings{ceph,
  title={Ceph: A scalable, high-performance distributed file system},
  author={Weil, Sage A and Brandt, Scott A and Miller, Ethan L and Long, Darrell DE and Maltzahn, Carlos},
  booktitle={Proceedings of the 7th symposium on Operating systems design and implementation},
  pages={307--320},
  year={2006},
  organization={USENIX Association}
}

@book{hbase,
  title={HBase: The Definitive Guide: Random Access to Your Planet-Size Data},
  author={George, Lars},
  year={2011},
  publisher={" O'Reilly Media, Inc."}
}

@inproceedings{lustre,
  title={Exploiting lustre file joining for effective collective io},
  author={Yu, Weikuan and Vetter, Jeffrey and Canon, R Shane and Jiang, Song},
  booktitle={Cluster Computing and the Grid, 2007. CCGRID 2007. Seventh IEEE International Symposium on},
  pages={267--274},
  year={2007},
  organization={IEEE}
}

@book{mongodb,
  title={MongoDB in action},
  author={Banker, Kyle},
  year={2011},
  publisher={Manning Publications Co.}
}

@book{squid,
  title={Squid Proxy Server 3.1: Beginner's Guide},
  author={Saini, Kulbir},
  year={2011},
  publisher={Packt Publishing Ltd}
}

@inproceedings{r2,
  title={R2: An application-level kernel for record and replay},
  author={Guo, Zhenyu and Wang, Xi and Tang, Jian and Liu, Xuezheng and Xu, Zhilei and Wu, Ming and Kaashoek, M Frans and Zhang, Zheng},
  booktitle={Proceedings of the 8th USENIX conference on Operating systems design and implementation},
  pages={193--208},
  year={2008},
  organization={USENIX Association}
}

@inproceedings{mutableReplay,
  title={Transparent mutable replay for multicore debugging and patch validation},
  author={Viennot, Nicolas and Nair, Siddharth and Nieh, Jason},
  booktitle={ACM SIGARCH computer architecture news},
  volume={41},
  pages={127--138},
  year={2013},
  organization={ACM}
}

@inproceedings{friday,
  title={Friday: Global Comprehension for Distributed Replay.},
  author={Geels, Dennis and Altekar, Gautam and Maniatis, Petros and Roscoe, Timothy and Stoica, Ion},
  booktitle={NSDI},
  volume={7},
  pages={285--298},
  year={2007}
}

@inproceedings{jockey,
  title={Jockey: a user-space library for record-replay debugging},
  author={Saito, Yasushi},
  booktitle={Proceedings of the sixth international symposium on Automated analysis-driven debugging},
  pages={69--76},
  year={2005},
  organization={ACM}
}

@inproceedings{pres,
  title={PRES: probabilistic replay with execution sketching on multiprocessors},
  author={Park, Soyeon and Zhou, Yuanyuan and Xiong, Weiwei and Yin, Zuoning and Kaushik, Rini and Lee, Kyu H and Lu, Shan},
  booktitle={Proceedings of the ACM SIGOPS 22nd symposium on Operating systems principles},
  pages={177--192},
  year={2009},
  organization={ACM}
}

@inproceedings{fmeter,
  title={Fmeter: Extracting indexable low-level system signatures by counting kernel function calls},
  author={Marian, Tudor and Weatherspoon, Hakim and Lee, Ki-Suh and Sagar, Abhishek},
  booktitle={ACM/IFIP/USENIX International Conference on Distributed Systems Platforms and Open Distributed Processing},
  pages={81--100},
  year={2012},
  organization={Springer}
}

@inproceedings{vscope,
  title={VScope: middleware for troubleshooting time-sensitive data center applications},
  author={Wang, Chengwei and Rayan, Infantdani Abel and Eisenhauer, Greg and Schwan, Karsten and Talwar, Vanish and Wolf, Matthew and Huneycutt, Chad},
  booktitle={ACM/IFIP/USENIX International Conference on Distributed Systems Platforms and Open Distributed Processing},
  pages={121--141},
  year={2012},
  organization={Springer}
}

@article{iperf,
	title={Iperf: The TCP/UDP bandwidth measurement tool},
	author={Tirumala, Ajay and Qin, Feng and Dugan, Jon and Ferguson, Jim and Gibbs, Kevin},
	journal={htt p://dast. nlanr. net/Projects},
	year={2005}
}

@article{httping,
	title={End-To-End Packet Delay In The Network},
	author={Aivazov, Vitali and Samkharadze, Roman},
	journal={Automated Control Systems},
	pages={128--134},
	year={2012}
}

@article{btrfs,
	title={BTRFS: The Linux B-tree filesystem},
	author={Rodeh, Ohad and Bacik, Josef and Mason, Chris},
	journal={ACM Transactions on Storage (TOS)},
	volume={9},
	number={3},
	pages={9},
	year={2013},
	publisher={ACM}
}

@misc{cow,
    author = "Wikipedia contributors",
    title = "Copy-on-write --- Wikipedia{,} The Free Encyclopedia",
    year = "2017",
    url = "\url{https://en.wikipedia.org/w/index.php?title=Copy-on-write&oldid=817597890}",
    note = "[Online; accessed 13-January-2018]"
  }

@article{wikibench,
  title={Wikibench: A distributed, wikipedia based web application benchmark},
  author={van Baaren, Erik-Jan},
  journal={Master's thesis, VU University Amsterdam},
  year={2009}
}

@article{apache,
	title={The Apache HTTP server project},
	author={Fielding, Roy T. and Kaiser, Gail},
	journal={IEEE Internet Computing},
	volume={1},
	number={4},
	pages={88--90},
	year={1997},
	publisher={IEEE}
}

@inproceedings{berkleyDB,
	title={Berkeley DB.},
	author={Olson, Michael A and Bostic, Keith and Seltzer, Margo I},
	booktitle={USENIX Annual Technical Conference, FREENIX Track},
	pages={183--191},
	year={1999}
}

@article{httpref,
	title={httperfâ€”a tool for measuring web server performance},
	author={Mosberger, David and Jin, Tai},
	journal={ACM SIGMETRICS Performance Evaluation Review},
	volume={26},
	number={3},
	pages={31--37},
	year={1998},
	publisher={ACM}
}

@article{memcached,
	title={Distributed caching with memcached},
	author={Fitzpatrick, Brad},
	journal={Linux journal},
	volume={2004},
	number={124},
	pages={5},
	year={2004},
	publisher={Belltown Media}
}

@book{mediawiki,
  title={MediaWiki},
  author={Barrett, Daniel J},
  year={2008},
  publisher={" O'Reilly Media, Inc."}
}

@misc{wikipedia,
	author = "Wikipedia",
	title = "Wikipedia the free encyclopedia",
	year = "2016",
	url = "\url{https://en.wikipedia.org}",
	note = "[Online; accessed 20-November-2016]"
}



@misc{wget,
	author = "GNU-OS",
	title = "Introduction to GNU Wget",
	year = "2016",
	url = "\url{https://www.gnu.org/software/wget/}",
	note = "[Online; accessed 20-November-2016]"
}

@article{thttpd,
	title={thttpd-tiny/turbo/throttling HTTP server},
	author={Poskanzer, Jef},
	journal={Acme Labs, February},
	year={2000}
}
 
 @article{nginx,
 	title={Nginx: the high-performance web server and reverse proxy},
 	author={Reese, Will},
 	journal={Linux Journal},
 	volume={2008},
 	number={173},
 	pages={2},
 	year={2008},
 	publisher={Belltown Media}
 }
 
@book{postgresql,
	title={PostgreSQL: introduction and concepts},
	author={Momjian, Bruce},
	volume={192},
	year={2001},
	publisher={Addison-Wesley New York}
}
@book{jboss,
	title={JBoss in action: configuring the JBoss application server},
	author={Jamae, Javid and Johnson, Peter},
	year={2009},
	publisher={Manning Publications Co.}
}

@book{oracle,
	title={Oracle database 10g: the complete reference},
	author={Loney, Kevin},
	year={2004},
	publisher={McGraw-Hill/Osborne}
}

@misc{releaseFacebookKeynote,
	author =       {Rossi, Chuck},
	title =        {Release Engineering, Facebook Inc},
	year =         {2014},
	month =        {04},
	day = {11},
	note =         {Keynote address by Chuck Rossi for an invited talk at the International Workshop for Release Engineering  [Accessed: 2017 01 02]},
	url ={https://www.youtube.com/watch?v=Nffzkkdq7GM#t=275},
}

@article{gwp,
	title={Google-wide profiling: A continuous profiling infrastructure for data centers},
	author={Ren, Gang and Tune, Eric and Moseley, Tipp and Shi, Yixin and Rus, Silvius and Hundt, Robert},
	journal={IEEE Micro},
	pages={65-79},
	year={2010}
}

@inproceedings{chopstix,
	title={Lightweight, High-Resolution Monitoring for Troubleshooting Production Systems.},
	author={Bhatia, Sapan and Kumar, Abhishek and Fiuczynski, Marc E and Peterson, Larry L},
	booktitle={OSDI},
	pages={103--116},
	year={2008}
}

@phdthesis{pinpoint,
	title={Path-based failure and evolution management},
	author={Chen, Yen-Yang Michael and Accardi, Anthony and Kiciman, Emre and Patterson, David A and Fox, Armando and Brewer, Eric A},
	year={2004},
	school={University of California, Berkeley}
}

@inproceedings{xtrace,
	title={X-trace: A pervasive network tracing framework},
	author={Fonseca, Rodrigo and Porter, George and Katz, Randy H and Shenker, Scott and Stoica, Ion},
	booktitle={Proceedings of the 4th USENIX conference on Networked systems design \& implementation},
	pages={20--20},
	year={2007},
	organization={USENIX Association}
}

@INPROCEEDINGS{Newsome05dynamictaint,
	author = {James Newsome},
	title = {Dynamic Taint Analysis for Automatic Detection, Analysis, and Signature Generation of Exploits on Commodity Software},
	booktitle = {Proceedings of the Network and Distributed System Security Symposium (NDSS)},
	year = {2005}
}

@inproceedings{goodstein2015tracking,
	title={Tracking and Reducing Uncertainty in Dataflow Analysis-Based Dynamic Parallel Monitoring},
	author={Goodstein, Michelle L and Gibbons, Phillip B and Kozuch, Michael A and Mowry, Todd C},
	booktitle={2015 International Conference on Parallel Architecture and Compilation (PACT)},
	pages={266--279},
	year={2015},
	organization={IEEE}
}

@inproceedings{ganai2012dtam,
	title={DTAM: dynamic taint analysis of multi-threaded programs for relevancy},
	author={Ganai, Malay and Lee, Dongyoon and Gupta, Aarti},
	booktitle={Proceedings of the ACM SIGSOFT 20th International Symposium on the Foundations of Software Engineering},
	pages={46},
	year={2012},
	organization={ACM}
}

@inproceedings{MobiPlay,
	author = {Qin, Zhengrui and Tang, Yutao and Novak, Ed and Li, Qun},
	title = {MobiPlay: A Remote Execution Based Record-and-replay Tool for Mobile Applications},
	booktitle = {Proceedings of the 38th International Conference on Software Engineering},
	series = {ICSE '16},
	year = {2016},
	isbn = {978-1-4503-3900-1},
	location = {Austin, Texas},
	pages = {571--582},
	numpages = {12},
	url = {http://doi.acm.org/10.1145/2884781.2884854},
	doi = {10.1145/2884781.2884854},
	acmid = {2884854},
	publisher = {ACM},
	address = {New York, NY, USA},
	keywords = {google android, mobile application, record-and-replay, secure virtual mobile platform, virtual machine},
} 



@inproceedings{browserReplay,
	author = {Chasins, Sarah and Barman, Shaon and Bodik, Rastislav and Gulwani, Sumit},
	title = {Browser Record and Replay As a Building Block for End-User Web Automation Tools},
	booktitle = {Proceedings of the 24th International Conference on World Wide Web},
	series = {WWW '15 Companion},
	year = {2015},
	isbn = {978-1-4503-3473-0},
	location = {Florence, Italy},
	pages = {179--182},
	numpages = {4},
	url = {http://doi.acm.org/10.1145/2740908.2742849},
	doi = {10.1145/2740908.2742849},
	acmid = {2742849},
	publisher = {ACM},
	address = {New York, NY, USA},
	keywords = {automation, end-user programming, programming by demonstration, record and replay},
} 



@inproceedings{mobileReplay,
	author = {Hu, Yongjian and Azim, Tanzirul and Neamtiu, Iulian},
	title = {Versatile Yet Lightweight Record-and-replay for Android},
	booktitle = {Proceedings of the 2015 ACM SIGPLAN International Conference on Object-Oriented Programming, Systems, Languages, and Applications},
	series = {OOPSLA 2015},
	year = {2015},
	isbn = {978-1-4503-3689-5},
	location = {Pittsburgh, PA, USA},
	pages = {349--366},
	numpages = {18},
	url = {http://doi.acm.org/10.1145/2814270.2814320},
	doi = {10.1145/2814270.2814320},
	acmid = {2814320},
	publisher = {ACM},
	address = {New York, NY, USA},
	keywords = {App testing, Event-based races, Google Android, Mobile applications, Record-and-replay},
} 


@inproceedings{statisticalConcurrency,
	title={Instrumentation and sampling strategies for cooperative concurrency bug isolation},
	author={Jin, Guoliang and Thakur, Aditya and Liblit, Ben and Lu, Shan},
	booktitle={ACM Sigplan Notices},
	volume={45},
	pages={241--255},
	year={2010},
	organization={ACM}
}

@inproceedings{holmes,
	title={HOLMES: Effective statistical debugging via efficient path profiling},
	author={Chilimbi, Trishul M and Liblit, Ben and Mehra, Krishna and Nori, Aditya V and Vaswani, Kapil},
	booktitle={Proceedings of the 31st International Conference on Software Engineering},
	pages={34--44},
	year={2009},
	organization={IEEE Computer Society}
}

@inproceedings{statisticalPerformance,
	title={Statistical debugging for real-world performance problems},
	author={Song, Linhai and Lu, Shan},
	booktitle={ACM SIGPLAN Notices},
	volume={49},
	pages={561--578},
	year={2014},
	organization={ACM}
}

@inproceedings{adaptive,
	title={Adaptive bug isolation},
	author={Arumuga Nainar, Piramanayagam and Liblit, Ben},
	booktitle={Proceedings of the 32nd ACM/IEEE International Conference on Software Engineering-Volume 1},
	pages={255--264},
	year={2010},
	organization={ACM}
}

@article{statisticalDebugging,
	title={Scalable statistical bug isolation},
	author={Liblit, Ben and Naik, Mayur and Zheng, Alice X and Aiken, Alex and Jordan, Michael I},
	journal={ACM SIGPLAN Notices},
	volume={40},
	number={6},
	pages={15--26},
	year={2005},
	publisher={ACM}
}


@inproceedings{appinsight,
	title={AppInsight: mobile app performance monitoring in the wild},
	author={Ravindranath, Lenin and Padhye, Jitendra and Agarwal, Sharad and Mahajan, Ratul and Obermiller, Ian and Shayandeh, Shahin},
	booktitle={Presented as part of the 10th USENIX Symposium on Operating Systems Design and Implementation (OSDI 12)},
	pages={107--120},
	year={2012}
}

@article{rsyslog,
	title={Centralised logging with rsyslog},
	author={Matulis, Peter},
	journal={Canonical Technical White Paper},
	year={2009}
}

@article{ganglia,
	title={The ganglia distributed monitoring system: design, implementation, and experience},
	author={Massie, Matthew L and Chun, Brent N and Culler, David E},
	journal={Parallel Computing},
	volume={30},
	number={7},
	pages={817--840},
	year={2004},
	publisher={Elsevier}
}

@misc{nagios,
	title={Nagios},
	author={Enterprises, Nagios},
	year={2012}
}

@inproceedings{spectroscope,
	title={Diagnosing Performance Changes by Comparing Request Flows.},
	author={Sambasivan, Raja R and Zheng, Alice X and De Rosa, Michael and Krevat, Elie and Whitman, Spencer and Stroucken, Michael and Wang, William and Xu, Lianghong and Ganger, Gregory R},
	booktitle={NSDI},
	year={2011}
}

@misc{splunk,
	author={splunk},
	title={Splunk},
	url={http://www.splunk.com/}
}

@misc{elk,
	author={ElasticSearch},
	title={ElasticSearch},
	url={https://www.elastic.co/}
}

@misc{loggly,
	author={loggly},
	title={Loggly},
	url={https://www.loggly.com/}
}

@book{extremeProgramming,
	title={Extreme programming explained: embrace change},
	author={Beck, Kent},
	year={2000},
	publisher={addison-wesley professional}
}

@inproceedings{waterfall,
	title={The waterfall model in large-scale development},
	author={Petersen, Kai and Wohlin, Claes and Baca, Dejan},
	booktitle={International Conference on Product-Focused Software Process Improvement},
	pages={386--400},
	year={2009},
	organization={Springer}
}


@article{postcopy,
	title={Post-copy live migration of virtual machines},
	author={Hines, Michael R and Deshpande, Umesh and Gopalan, Kartik},
	journal={ACM SIGOPS operating systems review},
	volume={43},
	number={3},
	pages={14--26},
	year={2009},
	publisher={ACM}
}

@techreport{rsync,
	title={``The rsync algorithm,''Australian National University},
	author={Tridgell, Andrew and Mackerras, Paul},
	year={1996},
	institution={Technical report, TR-CS-96-05}
}

@misc{nfs,
	title={Network file system},
	author={Palevich, John H and Taillefer, Martin},
	year={2008},
	month=oct # "~21",
	publisher={Google Patents},
	note={US Patent 7,441,012}
}

@inproceedings{Jovic:2011,
 author = {Milan Jovic and Andrea Adamoli and Matthias Hauswirth},
 title = {Catch me if you can: performance bug detection in the wild},
 booktitle = {OOPSLA},
 year = {2011},
}

@book{queueBook,
	title={Introduction to queueing theory},
	author={Gnedenko, Boris Vladimirovich and Kovalenko, IgorÊ¹ Nikolaevich},
	year={1989},
	publisher={Birkhauser Boston Inc.}
}

@INPROCEEDINGS{papi,
author = {Philip J. Mucci and Shirley Browne and Christine Deane and George Ho},
title = {PAPI: A Portable Interface to Hardware Performance Counters},
booktitle = {In Proceedings of the Department of Defense HPCMP Users Group Conference},
year = {1999},
pages = {7--10}
}

@misc{oprofile,
author={Levon J. and Elie P.},
title={O{P}rofile: A system profiler for Linux},
howpublished={http://oprofile.sourceforge.net},
year={2011},
}

@misc{vtune,
author={Intel},
title={VTune Amplifier},
howpublished={http://www.intel.com/software/products/vtune},
year={2011},
}


@inproceedings{cobi,
 author = {Mussler, Jan and Lorenz, Daniel and Wolf, Felix},
 title = {Reducing the overhead of direct application instrumentation using prior static analysis},
 booktitle = {Proceedings of the 17th international conference on Parallel processing - Volume Part I},
 series = {Euro-Par'11},
 year = {2011},
 isbn = {978-3-642-23399-9},
 location = {Bordeaux, France},
 pages = {65--76},
 numpages = {12},
 url = {http://dl.acm.org/citation.cfm?id=2033345.2033353},
 acmid = {2033353},
 publisher = {Springer-Verlag},
 address = {Berlin, Heidelberg},
} 


@book{log4j,
  title={Logging in Java with the JDK 1.4 Logging API and Apache log4j},
  author={Gupta, S.},
  year={2003},
  publisher={Apress}
}

@book{lba,
  title={Computer Networks, Fourth Edition},
  author={Andrew S. Tanenbaum},
  year={2003},
  publisher={Prentice Hall PTR},
   pages={400}
}



@article{utrace,
  title={Utrace},
  author={McGrath, R.},
  journal={Linux Foundation Collaboration Summit},
  year={2009}
}

@inproceedings{lttng,
  title={The lttng tracer: A low impact performance and behavior monitor for gnu/linux},
  author={Desnoyers, M. and Dagenais, M.R.},
  booktitle={OLS (Ottawa Linux Symposium)},
  pages={209--224},
  year={2006},
  organization={Citeseer}
}

@article{gdb,
  title={Debugging with GDB: The GNU source-level debugger for GDB version 5.1. 1},
  author={Stallman, R.M. and Pesch, R. and Shebs, S.},
  journal={Free Software Foundation},
  volume={51},
  year={2002},
  publisher={GNU Press}
}

@inproceedings{gimple,
  title={Extending GCC with modular GIMPLE optimizations},
  author={Callanan, S. and Dean, D.J. and Zadok, E.},
  booktitle={Proceedings of the 2007 GCC Developersâ€™ Summit},
  pages={31--37},
  year={2007}
}

@inproceedings{llvm,
 author = {Lattner, Chris and Adve, Vikram},
 title = {The LLVM compiler framework and infrastructure tutorial},
 booktitle = {Proceedings of the 17th international conference on Languages and Compilers for High Performance Computing},
 series = {LCPC'04},
 year = {2005},
 isbn = {3-540-28009-X, 978-3-540-28009-5},
 location = {West Lafayette, IN},
 pages = {15--16},
 numpages = {2},
 url = {http://dx.doi.org/10.1007/11532378_2},
 doi = {10.1007/11532378_2},
 acmid = {2137514},
 publisher = {Springer-Verlag},
 address = {Berlin, Heidelberg},
} 

@article{specCPU2006,
 author = {Henning, John L.},
 title = {SPEC CPU2006 benchmark descriptions},
 journal = {SIGARCH Comput. Archit. News},
 issue_date = {September 2006},
 volume = {34},
 number = {4},
 month = sep,
 year = {2006},
 issn = {0163-5964},
 pages = {1--17},
 numpages = {17},
 url = {http://doi.acm.org/10.1145/1186736.1186737},
 doi = {10.1145/1186736.1186737},
 acmid = {1186737},
 publisher = {ACM},
 address = {New York, NY, USA},
} 

@inproceedings{kaho,
  title={A Runtime Code Modification Method for Application Programs},
  author={Yamato, K. and Abe, T. and Corpration, M.L.},
  booktitle={Proceedings of the Ottawa Linux Symposium},
  year={2009}
}

@book{tls,
  title={Threads primer: a guide to multithreaded programming},
  author={Lewis, B. and Berg, D.J.},
  year={1996},
  publisher={SunSoft Press}
}

@article{rdtsc,
  title={Modern CPU Performance Analysis on Linux},
  author={Kleen, A.},
  year={2011}
}

@article{katana,
  title={Katana: Towards patching as a runtime part of the compiler-linker-loader toolchain},
  author={Bratus, S. and Oakley, J. and Ramaswamy, A. and Smith, S.W. and Locasto, M.E.},
  journal={International Journal of Secure Software Engineering (IJSSE)},
  volume={1},
  number={3},
  pages={1--17},
  year={2010},
  publisher={IGI Global}
}

@techreport{dapper,
title = {Dapper, a Large-Scale Distributed Systems Tracing
Infrastructure},
author  = {Benjamin H. Sigelman and Luiz AndrÃ© Barroso and Mike
Burrows and Pat Stephenson and Manoj Plakal and Donald Beaver and Saul
Jaspan and Chandan Shanbhag},
year  = 2010,
institution = {Google, Inc.}
}

@inproceedings{dprobe,
 author = {Moore, Richard J.},
  title = {A Universal Dynamic Trace for Linux and Other Operating
  Systems},
   booktitle = {Proceedings of the FREENIX Track: USENIX '01},
    year = {2001},
           } 

@inproceedings{systemtap,
  author = {V. Prasad and W. Cohen and F. C. Eigler and M. Hunt and J.
  Keniston and B. Chen},
  title = {Locating system problems using dynamic instrumentation},
  booktitle = {Proceedings of the 2005 Ottawa Linux Symposium (OLS)},
  year = {2005}
  }

@misc{systemtap_utrace,
  title = {{SystemTap User-Space Probing}}, 
  note =
  {\url{http://sourceware.org/systemtap/SystemTap_Beginners_Guide/userspace-probing.html}}
}

@inproceedings{repframe,
 author = {Cui, Heming and Gu, Rui and Liu, Cheng and Yang, Junfeng},
 title = {RepFrame: An Efficient and Transparent Framework for Dynamic Program Analysis},
 booktitle = {Proceedings of the 6th Asia-Pacific Workshop on Systems},
 series = {APSys '15},
 year = {2015},
 isbn = {978-1-4503-3554-6},
 location = {Tokyo, Japan},
 pages = {13:1--13:9},
 articleno = {13},
 numpages = {9},
 url = {http://doi.acm.org/10.1145/2797022.2797033},
 doi = {10.1145/2797022.2797033},
 acmid = {2797033},
 publisher = {ACM},
 address = {New York, NY, USA},
} 

@inproceedings{backforth,
 author = {Lee, Kuan-Hsin and Lai, I-Cheng and Lee, Che-Rung},
 title = {Optimizing Back-and-forth Live Migration},
 booktitle = {Proceedings of the 9th International Conference on Utility and Cloud Computing},
 series = {UCC '16},
 year = {2016},
 isbn = {978-1-4503-4616-0},
 location = {Shanghai, China},
 pages = {49--54},
 numpages = {6},
 url = {http://doi.acm.org/10.1145/2996890.2996909},
 doi = {10.1145/2996890.2996909},
 acmid = {2996909},
 publisher = {ACM},
 address = {New York, NY, USA},
 keywords = {QEMU-KVM, live migration, snapshot},
} 


@misc{quakeGame,
key = {quakegame},
title = {{Quake Video Game}},
note = {\url{https://en.wikipedia.org/wiki/Quake_(video_game)}}
}


@inproceedings{keniston2007ptrace,
title={Ptrace, utrace, uprobes: Lightweight, dynamic tracing of user apps},
author={Keniston, J. and Mavinakayanahalli, A. and Panchamukhi, P. and Prasad, V.},
booktitle={Proceedings of the 2007 Linux Symposium},
pages={215--224},
year={2007}
}

@misc{ptrace,
key={Linux Manual Ptrace},
title={Ptrace:Linux Process Trace: http://linux.die.net/man/2/ptrace},
url={http://linux.die.net/man/2/ptrace}
}

@misc{cdecl,
	author = "Wikipedia",
	title = "X86 calling conventions --- Wikipedia{,} The Free Encyclopedia",
	year = "2016",
	url = "\url{https://en.wikipedia.org/w/index.php?title=X86_calling_conventions&oldid=756101281}",
	note = "[Online; accessed 22-December-2016]"
}

@misc{cdeclOld,
title = {Calling conventions for different operating systems},
url = {http://agner.org/optimize/calling\_conventions.pdf}
}

@misc{log4c,
	title={Log4c: Logging for C Library},
	author={Goater, CL},
	year={2015},
	publisher={Feb}
}


@misc{gcc_codegen,
title = {Options for Code Generation Convention in GCC: http://gcc.gnu.org/onlinedocs/gcc-4.3.1/gcc/Code-Gen-Options.html},
url = {http://gcc.gnu.org/onlinedocs/gcc-4.3.1/gcc/Code-Gen-Options.html}
}

@misc{livepatch,
title = {LivePatch:  http://ukai.jp/Software/livepatch/},
author = {Fumitoshi UKAI},
url = {http://ukai.jp/Software/livepatch/}
}  


@inproceedings{pin,
 author = {Luk, Chi-Keung and Cohn, Robert and Muth, Robert and Patil, Harish and Klauser, Artur and Lowney, Geoff and Wallace, Steven and Reddi, Vijay Janapa and Hazelwood, Kim},
 title = {Pin: building customized program analysis tools with dynamic instrumentation},
 booktitle = {Proceedings of the 2005 ACM SIGPLAN conference on Programming language design and implementation},
 series = {PLDI '05},
 year = {2005},
 isbn = {1-59593-056-6},
 location = {Chicago, IL, USA},
 pages = {190--200},
 numpages = {11},
 url = {http://doi.acm.org/10.1145/1065010.1065034},
 doi = {10.1145/1065010.1065034},
 acmid = {1065034},
 publisher = {ACM},
 address = {New York, NY, USA},
 keywords = {dynamic compilation, instrumentation, program analysis tools},
} 

@article{dyninst,
 author = {Buck, Bryan and Hollingsworth, Jeffrey K.},
 title = {An API for Runtime Code Patching},
 journal = {Int. J. High Perform. Comput. Appl.},
 issue_date = {November  2000},
 volume = {14},
 number = {4},
 month = nov,
 year = {2000},
 issn = {1094-3420},
 pages = {317--329},
 numpages = {13},
 url = {http://dx.doi.org/10.1177/109434200001400404},
 doi = {10.1177/109434200001400404},
 acmid = {1080630},
 publisher = {Sage Publications, Inc.},
 address = {Thousand Oaks, CA, USA},
} 



@book{microservice-book,
	title={Building Microservices},
	author={Newman, Sam},
	year={2015},
	publisher={" O'Reilly Media, Inc."}
}

@misc{mysql,
	title={MySQL},
	author={MySQL, AB},
	year={2001}
}

@book{redis,
	title={Redis in Action},
	author={Carlson, Josiah L},
	year={2013},
	publisher={Manning Publications Co.}
}

 @misc{hdfsWiki,
	author = "Wikipedia",
	title = "Apache Hadoop --- Wikipedia{,} The Free Encyclopedia",
	year = "2017",
	url = "\url{https://en.wikipedia.org/w/index.php?title=Apache_Hadoop&oldid=758482314}",
	note = "[Online; accessed 5-January-2017]"
}

@article{hdfs,
	title={HDFS architecture guide},
	author={Borthakur, Dhruba},
	journal={HADOOP APACHE PROJECT http://hadoop. apache. org/common/docs/current/hdfs design. pdf},
	pages={39},
	year={2008}
}


@article{liveVMprinciples,
	title={Principles and performance characteristics of algorithms for live VM migration},
	author={Sv{\"a}rd, Petter and Hudzia, Benoit and Walsh, Steve and Tordsson, Johan and Elmroth, Erik},
	journal={ACM SIGOPS Operating Systems Review},
	volume={49},
	number={1},
	pages={142--155},
	year={2015},
	publisher={ACM}
}

@article{trafficliveVM,
	title={Traffic-sensitive live migration of virtual machines},
	author={Deshpande, Umesh and Keahey, Kate},
	journal={Future Generation Computer Systems},
	year={2016},
	publisher={Elsevier}
}

@inproceedings{dpor,
	author = {Flanagan, Cormac and Godefroid, Patrice},
	title = {Dynamic Partial-order Reduction for Model Checking Software},
	booktitle = {Proceedings of the 32Nd ACM SIGPLAN-SIGACT Symposium on Principles of Programming Languages},
	series = {POPL '05},
	year = {2005},
	isbn = {1-58113-830-X},
	location = {Long Beach, California, USA},
	pages = {110--121},
	numpages = {12},
	url = {http://doi.acm.org/10.1145/1040305.1040315},
	doi = {10.1145/1040305.1040315},
	acmid = {1040315},
	publisher = {ACM},
	address = {New York, NY, USA},
	keywords = {partial-order reduction, software model checking},
} 


@article{fay,
	author = {Erlingsson, \'{U}lfar and Peinado, Marcus and Peter, Simon and Budiu, Mihai and Mainar-Ruiz, Gloria},
	title = {Fay: Extensible Distributed Tracing from Kernels to Clusters},
	journal = {ACM Trans. Comput. Syst.},
	issue_date = {November 2012},
	volume = {30},
	number = {4},
	month = nov,
	year = {2012},
	issn = {0734-2071},
	pages = {13:1--13:35},
	articleno = {13},
	numpages = {35},
	url = {http://doi.acm.org/10.1145/2382553.2382555},
	doi = {10.1145/2382553.2382555},
	acmid = {2382555},
	publisher = {ACM},
	address = {New York, NY, USA},
} 


@inproceedings{failuresketching,
	author = {Kasikci, Baris and Schubert, Benjamin and Pereira, Cristiano and Pokam, Gilles and Candea, George},
	title = {Failure Sketching: A Technique for Automated Root Cause Diagnosis of In-production Failures},
	booktitle = {Proceedings of the 25th Symposium on Operating Systems Principles},
	series = {SOSP '15},
	year = {2015},
	isbn = {978-1-4503-3834-9},
	location = {Monterey, California},
	pages = {344--360},
	numpages = {17},
	url = {http://doi.acm.org/10.1145/2815400.2815412},
	doi = {10.1145/2815400.2815412},
	acmid = {2815412},
	publisher = {ACM},
	address = {New York, NY, USA},
} 

@article{doubleplay,
	author = {Veeraraghavan, Kaushik and Lee, Dongyoon and Wester, Benjamin and Ouyang, Jessica and Chen, Peter M. and Flinn, Jason and Narayanasamy, Satish},
	title = {DoublePlay: Parallelizing Sequential Logging and Replay},
	journal = {ACM Trans. Comput. Syst.},
	issue_date = {February 2012},
	volume = {30},
	number = {1},
	month = feb,
	year = {2012},
	issn = {0734-2071},
	pages = {3:1--3:24},
	articleno = {3},
	numpages = {24},
	url = {http://doi.acm.org/10.1145/2110356.2110359},
	doi = {10.1145/2110356.2110359},
	acmid = {2110359},
	publisher = {ACM},
	address = {New York, NY, USA},
	keywords = {Deterministic replay, uniparallelism},
} 
[download]

@inproceedings{sasase2013,
	title={Software analytics for incident management of online services: An experience report},
	author={Lou, Jian-Guang and Lin, Qingwei and Ding, Rui and Fu, Qiang and Zhang, Dongmei and Xie, Tao},
	booktitle={Automated Software Engineering (ASE), 2013 IEEE/ACM 28th International Conference on},
	pages={475--485},
	year={2013},
	organization={IEEE}
}

@article{kendall,
	author = "Kendall, David G.",
	doi = "10.1214/aoms/1177728975",
	fjournal = "The Annals of Mathematical Statistics",
	journal = "Ann. Math. Statist.",
	month = "09",
	number = "3",
	pages = "338--354",
	publisher = "The Institute of Mathematical Statistics",
	title = "Stochastic Processes Occurring in the Theory of Queues and their Analysis by the Method of the Imbedded Markov Chain",
	url = "http://dx.doi.org/10.1214/aoms/1177728975",
	volume = "24",
	year = "1953"
}

@techreport{hchang-techreport-200603,
	author = {Hoon Chang and Vishal Misra and Dan Rubenstein},
	title = {Throughput and Fairness in CSMA/CA Access Networks},
	number = {CUCS-043-06},
	institution = {Columbia University},
	year = {2006},
	month = {December},
}

@techreport{instance1290,
	title = {{Mobile Systems IV}},
	author = {Burkhard Stiller and Thomas Bocek and Fabio Hecht and Guilherme Machado and Peter Racz and Martin Waldburger},
	group = {csg},
	year = {2010},
	institution = {University of Zurich, Department of Informatics},
	month = {01},
	Date-Added = {2010-01-11 10:05:52},
	Date-Modified = {2010-07-22 12:08:45}
}

@inproceedings{simpleTesting,
	title={Simple testing can prevent most critical failures: An analysis of production failures in distributed data-intensive systems},
	author={Yuan, Ding and Luo, Yu and Zhuang, Xin and Rodrigues, Guilherme Renna and Zhao, Xu and Zhang, Yongle and Jain, Pranay U and Stumm, Michael},
	booktitle={11th USENIX Symposium on Operating Systems Design and Implementation (OSDI 14)},
	pages={249--265},
	year={2014}
}

@inproceedings{bugbench,
	title={Bugbench: Benchmarks for evaluating bug detection tools},
	author={Lu, Shan and Li, Zhenmin and Qin, Feng and Tan, Lin and Zhou, Pin and Zhou, Yuanyuan},
	booktitle={Workshop on the evaluation of software defect detection tools},
	volume={5},
	year={2005}
}

@article{ec2,
	title={Amazon elastic compute cloud (Amazon EC2)},
	author={Amazon, EC2},
	journal={Amazon Elastic Compute Cloud (Amazon EC2)},
	year={2010}
}

@inproceedings{invivo,
	author = {Murphy, Christian and Kaiser, Gail and Vo, Ian and Chu, Matt},
	title = {Quality Assurance of Software Applications Using the In Vivo Testing Approach},
	booktitle = {Proceedings of the 2009 International Conference on Software Testing Verification and Validation},
	series = {ICST '09},
	year = {2009},
	isbn = {978-0-7695-3601-9},
	pages = {111--120},
	numpages = {10},
	url = {http://dx.doi.org/10.1109/ICST.2009.18},
	doi = {10.1109/ICST.2009.18},
	acmid = {1548196},
	publisher = {IEEE Computer Society},
	address = {Washington, DC, USA},
	keywords = {software testing, perpetual testing},
} 

@misc{microservices,
	title={Microservices Architecture Patterns},
	key = {microservices.io},
	howpublished={http://microservices.io/patterns/microservices.html}
}

@article{cassandra,
	title={Cassandra: a decentralized structured storage system},
	author={Lakshman, Avinash and Malik, Prashant},
	journal={ACM SIGOPS Operating Systems Review},
	volume={44},
	number={2},
	pages={35--40},
	year={2010},
	publisher={ACM}
}

@book{linuxpipes,
	title={Understanding the Linux kernel},
	author={Bovet, Daniel P and Cesati, Marco},
	year={2005},
	publisher={" O'Reilly Media, Inc."}
}

@inproceedings{problemsolvingSysTap,
	title={Problem solving with systemtap},
	author={Eigler, Frank Ch and Hat, Red},
	booktitle={Proc. of the Ottawa Linux Symposium},
	pages={261--268},
	year={2006},
	organization={Citeseer}
}


@misc{netns,
	title={Network Namespaces},
	author={LWN.net},
	howpublished={https://lwn.net/Articles/580893/}
}

@article{openvz,
	title={Virtualization in linux},
	author={Kolyshkin, Kirill},
	journal={White paper, OpenVZ},
	volume={3},
	pages={39},
	year={2006}
}

@misc{thrift,
	title={Apache {T}hrift},
	title={Apache {T}hrift},
	howpublished={http://thrift.apache.org}
}

@misc{simTool,
	key={MM1 Simulation Tool},
	title={MM1 Simulation Tool},
	howpublished={http://www.csee.usf.edu/~christen/tools/toolpage.html}
}

@misc{visualvm,
	title={Visual{VM}},
	howpublished={http://visualvm.java.net}
}

@article{chaosmonkey,
	author = {Tseitlin, Ariel},
	title = {The Antifragile Organization},
	journal = {Commun. ACM},
	issue_date = {August 2013},
	volume = {56},
	number = {8},
	month = aug,
	year = {2013},
	issn = {0001-0782},
	pages = {40--44},
	numpages = {5},
	url = {http://doi.acm.org/10.1145/2492007.2492022},
	doi = {10.1145/2492007.2492022},
	acmid = {2492022},
	publisher = {ACM},
	address = {New York, NY, USA},
}

@article{chaosengineering,
	title={Chaos Engineering},
	author={Basiri, Ali and Behnam, Niosha and de Rooij, Ruud and Hochstein, Lorin and Kosewski, Luke and Reynolds, Justin and Rosenthal, Casey},
	journal={IEEE Software},
	volume={33},
	number={3},
	pages={35--41},
	year={2016},
	publisher={IEEE}
}


@inproceedings{performanceComparisonlxcVM,
	title={An updated performance comparison of virtual machines and linux containers},
	author={Felter, Wes and Ferreira, Alexandre and Rajamony, Ram and Rubio, Juan},
	booktitle={Performance Analysis of Systems and Software (ISPASS), 2015 IEEE International Symposium On},
	pages={171--172},
	year={2015},
	organization={IEEE}
}

@article{containerCloud,
	title={Containers and cloud: From lxc to docker to kubernetes},
	author={Bernstein, David},
	journal={IEEE Cloud Computing},
	volume={1},
	number={3},
	pages={81--84},
	year={2014},
	publisher={IEEE}
}


@inproceedings{performanceEvalContainers,
	title={Performance evaluation of container-based virtualization for high performance computing environments},
	author={Xavier, Miguel G and Neves, Marcelo V and Rossi, Fabio D and Ferreto, Tiago C and Lange, Timoteo and De Rose, Cesar AF},
	booktitle={2013 21st Euromicro International Conference on Parallel, Distributed, and Network-Based Processing},
	pages={233--240},
	year={2013},
	organization={IEEE}
}

@article{dockerhub_article,
	title={An introduction to Docker for reproducible research},
	author={Boettiger, Carl},
	journal={ACM SIGOPS Operating Systems Review},
	volume={49},
	number={1},
	pages={71--79},
	year={2015},
	publisher={ACM}
}

@misc{dockerhub,
	title={Build Ship and Run Anywhere},
	Key={DockerHub},
	howpublished={https://www.hub.docker.com/}
}


@article{docker,
	title={Docker: lightweight Linux containers for consistent development and deployment},
	author={Merkel, Dirk},
	journal={Linux Journal},
	volume={2014},
	number={239},
	pages={2},
	year={2014},
	publisher={Belltown Media}
}

@book{vzctl,
	title={OpenVZ Essentials},
	author={Furman, Mark},
	year={2014},
	publisher={Packt Publishing Ltd}
}

@book{agile,
	title={Agile software development: principles, patterns, and practices},
	author={Martin, Robert Cecil},
	year={2003},
	publisher={Prentice Hall PTR}
}

@inproceedings{iprobe,
	title={iProbe: A lightweight user-level dynamic instrumentation tool},
	author={Arora, Nipun and Zhang, Hui and Rhee, Junghwan and Yoshihira, Kenji and Jiang, Guofei},
	booktitle={Automated Software Engineering (ASE), 2013 IEEE/ACM 28th International Conference on},
	pages={742--745},
	year={2013},
	organization={IEEE}
}


@book{devops,
	title={DevOps for developers},
	author={Httermann, Michael},
	year={2012},
	publisher={Apress}
}

@book{eclipse,
	title={The {J}ava developer's guide to {E}clipse},
	author={D'Anjou, Jim},
	year={2005},
	publisher={Addison-Wesley Professional}
}

@inproceedings{drdebug,
	title={Drdebug: Deterministic replay based cyclic debugging with dynamic slicing},
	author={Wang, Yan and Patil, Harish and Pereira, Cristiano and Lueck, Gregory and Gupta, Rajiv and Neamtiu, Iulian},
	booktitle={Proceedings of annual IEEE/ACM international symposium on code generation and optimization},
	pages={98},
	year={2014},
	organization={ACM}
}

@inproceedings{pinplay,
	title={PinPlay: a framework for deterministic replay and reproducible analysis of parallel programs},
	author={Patil, Harish and Pereira, Cristiano and Stallcup, Mack and Lueck, Gregory and Cownie, James},
	booktitle={Proceedings of the 8th annual IEEE/ACM international symposium on Code generation and optimization},
	pages={2--11},
	year={2010},
	organization={ACM}
}

@inproceedings{valgrind,
	author = {Nethercote, Nicholas and Seward, Julian},
	title = {Valgrind: a framework for heavyweight dynamic binary instrumentation},
	booktitle = {PLDI '07},
	year = {2007},
	location = {San Diego, California, USA},
}   

@inproceedings{kremenek2007factor,
	title={A Factor Graph Model for Software Bug Finding.},
	author={Kremenek, Ted and Ng, Andrew Y and Engler, Dawson R},
	booktitle={IJCAI},
	pages={2510--2516},
	year={2007}
}

@book{intel_suite,
	title={Parallel Programming with {I}ntel {P}arallel {S}tudio {XE}},
	author={Blair-Chappell, Stephen and Stokes, Andrew},
	year={2012},
	publisher={John Wiley \& Sons}
}

@article{openflow,
	title={{OpenFlow}: enabling innovation in campus networks},
	author={McKeown, Nick and Anderson, Tom and Balakrishnan, Hari and Parulkar, Guru and Peterson, Larry and Rexford, Jennifer and Shenker, Scott and Turner, Jonathan},
	journal={ACM SIGCOMM Computer Communication Review},
	volume={38},
	number={2},
	pages={69--74},
	year={2008},
	publisher={ACM}
}

@book{glassfish,
	title={Beginning {Java} {EE} 6 {P}latform with {GlassFish} 3},
	author={Goncalves, Antonio},
	volume={2},
	year={2010},
	publisher={Springer}
}

@article{perpetual,
	title={Perpetually testing software},
	author={Osterweil, L},
	journal={The Ninth International Software Quality Week},
	year={1996}
}

@book{visual_studio,
	title={Software Engineering with {M}icrosoft {V}isual {S}tudio Team System (Microsoft. NET Development Series)},
	author={Guckenheimer, Sam and Perez, Juan J},
	year={2006},
	publisher={Addison-Wesley Professional}
}

@book{dtrace,
	title={Solaris (TM) Performance and Tools: DTrace and MDB Techniques for Solaris 10 and OpenSolaris (Solaris Series)},
	author={McDougall, Richard and Mauro, Jim and Gregg, Brendan},
	year={2006},
	publisher={Prentice Hall PTR}
}

@inproceedings{mirkin2008containers,
	title={Containers checkpointing and live migration},
	author={Mirkin, Andrey and Kuznetsov, Alexey and Kolyshkin, Kir},
	booktitle={Proceedings of the Linux Symposium},
	pages={85--92},
	year={2008}
}

@inproceedings{liu2005mining,
	title={Mining Behavior Graphs for {Backtrace} of Noncrashing Bugs.},
	author={Liu, Chao and Yan, Xifeng and Yu, Hwanjo and Han, Jiawei and Philip, S Yu},
	booktitle={SDM},
	pages={286--297},
	year={2005},
	organization={SIAM}
}

@inproceedings{Zhang:2013:ADS:2486788.2486830,
	author = {Zhang, Sai and Ernst, Michael D.},
	title = {Automated Diagnosis of Software Configuration Errors},
	booktitle = {Proceedings of the 2013 International Conference on Software Engineering},
	series = {ICSE '13},
	year = {2013},
	isbn = {978-1-4673-3076-3},
	location = {San Francisco, CA, USA},
	pages = {312--321},
	numpages = {10},
	url = {http://dl.acm.org/citation.cfm?id=2486788.2486830},
	acmid = {2486830},
	publisher = {IEEE Press},
	address = {Piscataway, NJ, USA},
} 

@inproceedings{laadan2010transparent,
	title={Transparent, lightweight application execution replay on commodity multiprocessor operating systems},
	author={Laadan, Oren and Viennot, Nicolas and Nieh, Jason},
	booktitle={ACM SIGMETRICS Performance Evaluation Review},
	pages={155--166},
	year={2010},
	organization={ACM}
}

@inproceedings{geels2007friday,
	title={Friday: Global Comprehension for Distributed Replay.},
	author={Geels, Dennis and Altekar, Gautam and Maniatis, Petros and Roscoe, Timothy and Stoica, Ion},
	booktitle={NSDI},
	volume={7},
	pages={285--298},
	year={2007}
}

@inproceedings{guo2008r2,
	title={R2: An application-level kernel for record and replay},
	author={Guo, Zhenyu and Wang, Xi and Tang, Jian and Liu, Xuezheng and Xu, Zhilei and Wu, Ming and Kaashoek, M Frans and Zhang, Zheng},
	booktitle={Proceedings of the 8th USENIX conference on Operating systems design and implementation},
	pages={193--208},
	year={2008},
	organization={USENIX Association}
}

@article{revirt,
	title={ReVirt: Enabling intrusion analysis through virtual-machine logging and replay},
	author={Dunlap, George W and King, Samuel T and Cinar, Sukru and Basrai, Murtaza A and Chen, Peter M},
	journal={ACM SIGOPS Operating Systems Review},
	volume={36},
	number={SI},
	pages={211--224},
	year={2002},
	publisher={ACM}
}

@inproceedings{odr,
	title={{ODR}: output-deterministic replay for multicore debugging},
	author={Altekar, Gautam and Stoica, Ion},
	booktitle={Proceedings of the ACM SIGOPS 22nd symposium on Operating systems principles},
	pages={193--206},
	year={2009},
	organization={ACM}
}

@inproceedings{aftersight,
	title={Decoupling dynamic program analysis from execution in virtual environments},
	author={Chow, Jim and Garfinkel, Tal and Chen, Peter M},
	booktitle={USENIX 2008 Annual Technical Conference on Annual Technical Conference},
	pages={1--14},
	year={2008}
}

@inproceedings{clue,
	title={{CLUE}: System trace
	analytics for cloud service performance diagnosis},
	author={Zhang, Hui and Rhee, Junghwan and Arora, Nipun and Gamage, Sahan and Jiang, Guofei and Yoshihira, Kenji and Xu, Dongyan},
	booktitle={Network Operations and Management Symposium (NOMS), 2014 IEEE},
	pages={1--9},
	year={2014},
	organization={IEEE}
}

@inproceedings{kscope,
	title={Software system performance debugging with kernel events feature guidance},
	author={Rhee, Junghwan and Zhang, Hui and Arora, Nipun and Jiang, Guofei and Yoshihira, Kenji},
	booktitle={Network Operations and Management Symposium (NOMS), 2014 IEEE},
	pages={1--5},
	year={2014},
	organization={IEEE}
}

@inproceedings{iprobe,
	title={{iProbe}: A lightweight user-level dynamic instrumentation tool},
	author={Arora, Nipun and Zhang, Hui and Rhee, Junghwan and Yoshihira, Kenji and Jiang, Guofei},
	booktitle={Automated Software Engineering (ASE), 2013 IEEE/ACM 28th International Conference on},
	pages={742--745},
	year={2013},
	organization={IEEE}
}

@article{httperf,
	title={httperfâ€”a tool for measuring web server performance},
	author={Mosberger, David and Jin, Tai},
	journal={ACM SIGMETRICS Performance Evaluation Review},
	volume={26},
	number={3},
	pages={31--37},
	year={1998},
	publisher={ACM}
}



@misc{lxc,
        key = {lxc},
	title={Linux Containers, Userspace tools for the Linux Kernel Containers},
	howpublished={https://linuxcontainers.org}
}

@misc{netflix,
        key = {netflix},
	title={Netflix: On-Demand Internet Streaming Media},
	howpublished={https://www.netflix.com}
}

@misc{openstack,
        key = {openstack},
	title={OpenStack: OpenSource platform for building private and public clouds},
	howpublished={https://www.openstack.org}
}


@misc{ploop,
	key={OpenVZ Ploop},
	author={OpenVZ},
	title={Ploop: Containers in a file},
	howpublished={http://openvz.org/Ploop}
}

@techreport{nat,
	title={Traditional IP network address translator (Traditional NAT)},
	author={Srisuresh, Pyda and Egevang, Kjeld},
	institution={rfc editor},
	year={2000}
}

@book{abtesting,
	title={Always be testing: The complete guide to {G}oogle website optimizer},
	author={Eisenberg, Bryan and Quarto-vonTivadar, John},
	year={2009},
	publisher={John Wiley \& Sons}
}

@article{fio,
	title={Fio-flexible io tester},
	author={Axboe, Jens},
	journal={uRL: http://freecode. com/projects/fio},
	year={2008}
}

@inproceedings{magpie,
	title={Using {Magpie} for Request Extraction and Workload Modelling.},
	author={Barham, Paul and Donnelly, Austin and Isaacs, Rebecca and Mortier, Richard},
	booktitle={OSDI},
	volume={4},
	pages={18--18},
	year={2004}
}

@inproceedings{vPath,
	title={{vPath}: Precise Discovery of Request Processing Paths from Black-Box Observations of Thread and Network Activities.},
	author={Tak, Byung-Chul and Tang, Chunqiang and Zhang, Chun and Govindan, Sriram and Urgaonkar, Bhuvan and Chang, Rong N},
	booktitle={USENIX Annual technical conference},
	year={2009}
}

@inproceedings{winetw,
	title={Event Tracing for Windows: Best Practices.},
	author={Park, Insung and Buch, R},
	booktitle={Int. CMG Conference},
	pages={565--574},
	year={2004}
}

@unpublished{10DevOps,
	title= {10+ Deploys Per Day: Dev and Ops Cooperation at Flickr},
	author = {Allspaw J., Hammond P.},
	year = {2009},
	note= {Oâ€™Reilly Velocity Web Performance and Operations Conference},
	URL= {http://velocityconf.com/velocity2009/public/schedule/detail/7641},
}

@inproceedings{dacapo,
	title={The DaCapo benchmarks: Java benchmarking development and analysis},
	author={Blackburn, Stephen M and Garner, Robin and Hoffmann, Chris and Khang, Asjad M and McKinley, Kathryn S and Bentzur, Rotem and Diwan, Amer and Feinberg, Daniel and Frampton, Daniel and Guyer, Samuel Z and others},
	booktitle={ACM Sigplan Notices},
	volume={41},
	pages={169--190},
	year={2006},
	organization={ACM}
}

@article {smt:cacm,
	author = {Junfeng Yang and Heming Cui and Jingyue Wu and Yang Tang and Gang Hu},
	title = {Determinism Is Not Enough: Making Parallel Programs Reliable with Stable Multithreading},
	year = {2014},
	journal = {Communications of the ACM},
}

@inproceedings{systematicDPORconcurrency,
	author = {Thomson, Paul and Donaldson, Alastair F.},
	title = {The Lazy Happens-before Relation: Better Partial-order Reduction for Systematic Concurrency Testing},
	booktitle = {Proceedings of the 20th ACM SIGPLAN Symposium on Principles and Practice of Parallel Programming},
	series = {PPoPP 2015},
	year = {2015},
	isbn = {978-1-4503-3205-7},
	location = {San Francisco, CA, USA},
	pages = {259--260},
	numpages = {2},
	url = {http://doi.acm.org/10.1145/2688500.2688533},
	doi = {10.1145/2688500.2688533},
	acmid = {2688533},
	publisher = {ACM},
	address = {New York, NY, USA},
	keywords = {Partial-order reduction, systematic concurrency testing},
} 

@inproceedings{best,
	author = {Ganai, Malay K. and Arora, Nipun and Wang, Chao and Gupta, Aarti and Balakrishnan, Gogul},
	title = {BEST: A Symbolic Testing Tool for Predicting Multi-threaded Program Failures},
	booktitle = {Proceedings of the 2011 26th IEEE/ACM International Conference on Automated Software Engineering},
	series = {ASE '11},
	year = {2011},
	isbn = {978-1-4577-1638-6},
	pages = {596--599},
	numpages = {4},
	url = {http://dx.doi.org/10.1109/ASE.2011.6100134},
	doi = {10.1109/ASE.2011.6100134},
	acmid = {2190136},
	publisher = {IEEE Computer Society},
	address = {Washington, DC, USA},
} 

@PhdThesis{Liblit:2004:CBI,
	author =	 {Benjamin Robert Liblit},
	title =	 {Cooperative Bug Isolation},
	school =	 {University of California, Berkeley},
	year =	 2004,
	month =	 dec
}

@misc{petstore,
	title={2.0 Reference Application. PetStore 2.0},
	author={PetStore, Java}
}

@inproceedings{shanluPerf,
	author = {Jin, Guoliang and Song, Linhai and Shi, Xiaoming and Scherpelz, Joel and Lu, Shan},
	title = {Understanding and Detecting Real-world Performance Bugs},
	booktitle = {Proceedings of the 33rd ACM SIGPLAN Conference on Programming Language Design and Implementation},
	series = {PLDI '12},
	year = {2012},
	isbn = {978-1-4503-1205-9},
	location = {Beijing, China},
	pages = {77--88},
	numpages = {12},
	url = {http://doi.acm.org/10.1145/2254064.2254075},
	doi = {10.1145/2254064.2254075},
	acmid = {2254075},
	publisher = {ACM},
	address = {New York, NY, USA},
	keywords = {characteristics study, performance bugs, rule-based bug detection},
} 

@inproceedings{sun2009fast,
	title={Fast live cloning of virtual machine based on xen},
	author={Sun, Yifeng and Luo, Yingwei and Wang, Xiaolin and Wang, Zhenlin and Zhang, Binbin and Chen, Haogang and Li, Xiaoming},
	booktitle={High Performance Computing and Communications, 2009. HPCC'09. 11th IEEE International Conference on},
	pages={392--399},
	year={2009},
	organization={IEEE}
}

@inproceedings{nelson2005fast,
	title={Fast Transparent Migration for Virtual Machines.},
	author={Nelson, Michael and Lim, Beng-Hong and Hutchins, Greg and others},
	booktitle={USENIX Annual Technical Conference, General Track},
	pages={391--394},
	year={2005}
}

@inproceedings{kivity2007kvm,
	title={kvm: the Linux virtual machine monitor},
	author={Kivity, Avi and Kamay, Yaniv and Laor, Dor and Lublin, Uri and Liguori, Anthony},
	booktitle={Proceedings of the Linux Symposium},
	volume={1},
	pages={225--230},
	year={2007}
}

@inproceedings{clark2005live,
	title={Live migration of virtual machines},
	author={Clark, Christopher and Fraser, Keir and Hand, Steven and Hansen, Jacob Gorm and Jul, Eric and Limpach, Christian and Pratt, Ian and Warfield, Andrew},
	booktitle={Proceedings of the 2nd conference on Symposium on Networked Systems Design \& Implementation-Volume 2},
	pages={273--286},
	year={2005},
	organization={USENIX Association}
}

@misc{gebhart2009dynamic,
	title={Dynamic cluster expansion through virtualization-based live cloning},
	author={Gebhart, A. and Bozak, E.},
	url={https://www.google.com/patents/US20090228883},
	year={2009},
	month=sep # "~10",
	publisher={Google Patents},
	note={US Patent App. 12/044,888}
}

@incollection{gcompute,
	title={Google compute engine},
	author={Krishnan, SPT and Gonzalez, Jose L Ugia},
	booktitle={Building Your Next Big Thing with Google Cloud Platform},
	pages={53--81},
	year={2015},
	publisher={Springer}
}


@inproceedings{Sun:2009:FLC:1581383.1582148,
	author = {Sun, Yifeng and Luo, Yingwei and Wang, Xiaolin and Wang, Zhenlin and Zhang, Binbin and Chen, Haogang and Li, Xiaoming},
	title = {Fast Live Cloning of Virtual Machine Based on Xen},
	booktitle = {Proceedings of the 2009 11th IEEE International Conference on High Performance Computing and Communications},
	series = {HPCC '09},
	year = {2009},
	isbn = {978-0-7695-3738-2},
	pages = {392--399},
	numpages = {8},
	url = {http://dx.doi.org/10.1109/HPCC.2009.97},
	doi = {10.1109/HPCC.2009.97},
	acmid = {1582148},
	publisher = {IEEE Computer Society},
	address = {Washington, DC, USA},
	keywords = {Virtual Machine Monitor (VMM), Xen, Virtual Machine (VM), VM Clone, Copy-on-write},
}
@inproceedings{Cadar:2014:SSE:2591062.2591104,
	author = {Cadar, Cristian and Palikareva, Hristina},
	title = {Shadow Symbolic Execution for Better Testing of Evolving Software},
	booktitle = {Companion Proceedings of the 36th International Conference on Software Engineering},
	series = {ICSE Companion 2014},
	year = {2014},
	isbn = {978-1-4503-2768-8},
	location = {Hyderabad, India},
	pages = {432--435},
	numpages = {4},
	url = {http://doi.acm.org/10.1145/2591062.2591104},
	doi = {10.1145/2591062.2591104},
	acmid = {2591104},
	publisher = {ACM},
	address = {New York, NY, USA},
	keywords = {Patch testing, longitudinal program analysis},
} 

@inproceedings{Hosek:2015:VUE:2694344.2694390,
	author = {Hosek, Petr and Cadar, Cristian},
	title = {VARAN the Unbelievable: An Efficient N-version Execution Framework},
	booktitle = {Proceedings of the Twentieth International Conference on Architectural Support for Programming Languages and Operating Systems},
	series = {ASPLOS '15},
	year = {2015},
	isbn = {978-1-4503-2835-7},
	location = {Istanbul, Turkey},
	pages = {339--353},
	numpages = {15},
	url = {http://doi.acm.org/10.1145/2694344.2694390},
	doi = {10.1145/2694344.2694390},
	acmid = {2694390},
	publisher = {ACM},
	address = {New York, NY, USA},
	keywords = {N-version execution, event streaming, live sanitization, multi-revision execution, record-replay, selective binary rewriting, transparent failover},
} 

@inproceedings{Hosek:2013:SSU:2486788.2486869,
	author = {Hosek, Petr and Cadar, Cristian},
	title = {Safe Software Updates via Multi-version Execution},
	booktitle = {Proceedings of the 2013 International Conference on Software Engineering},
	series = {ICSE '13},
	year = {2013},
	isbn = {978-1-4673-3076-3},
	location = {San Francisco, CA, USA},
	pages = {612--621},
	numpages = {10},
	url = {http://dl.acm.org/citation.cfm?id=2486788.2486869},
	acmid = {2486869},
	publisher = {IEEE Press},
	address = {Piscataway, NJ, USA},
} 


@misc{criulive,
key = {criulive},
title = {Live Migration in CRIU},
howpublished = {\url{https://criu.org/Live_migration}},
note = {Accessed: 2017, Nov 14}
}

@misc{googleanectodal,
key = {googleanectodal},
title = {Google Compute Engine Live Migration Passes the Test},
howpublished = {\url{https://www.rightscale.com/blog/cloud-industry-insights/google-compute-engine-live-migration-passes-test}},
note = {Accessed: 2017, Nov 14}
}

@misc{googleblog,
key = {googleblog},
title = {Lessons learned from a year of using live migration in production on Google Cloud},
howpublished = {\url{https://cloudplatform.googleblog.com/2016/04/lessons-learned-from-a-year-of-using-live-migration-in-production-on-Google-Cloud.html}},
note = {Accessed: 2017, Nov 14}
}

@misc{youtubeRHEL,
key = {RHELyoutube},
title = {RHEL: Using Checkpoint / Restore in User Space (CRIU) to Live Migrate Processes & Containers},
howpublished = {\url{https://www.youtube.com/watch?v=FannfMbuxQY}},
note = {Accessed: 2017, Nov 14}
}