@inproceedings{Jovic:2011,
 author = {Milan Jovic and Andrea Adamoli and Matthias Hauswirth},
 title = {Catch me if you can: performance bug detection in the wild},
 booktitle = {OOPSLA},
 year = {2011},
}

@INPROCEEDINGS{papi,
   author = {Philip J. Mucci and Shirley Browne and Christine Deane and
George Ho},
   title = {PAPI: A Portable Interface to Hardware Performance
Counters},
   booktitle = {In Proceedings of the Department of Defense HPCMP Users
Group Conference},
   year = {1999},
   pages = {7--10}
}

@misc{oprofile,
author={Levon J. and Elie P.},
title={O{P}rofile: A system profiler for Linux},
howpublished={http://oprofile.sourceforge.net},
year={2011},
}

@misc{vtune,
author={Intel},
title={VTune Amplifier},
howpublished={http://www.intel.com/software/products/vtune},
year={2011},
}


@inproceedings{cobi,
 author = {Mussler, Jan and Lorenz, Daniel and Wolf, Felix},
 title = {Reducing the overhead of direct application instrumentation using prior static analysis},
 booktitle = {Proceedings of the 17th international conference on Parallel processing - Volume Part I},
 series = {Euro-Par'11},
 year = {2011},
 isbn = {978-3-642-23399-9},
 location = {Bordeaux, France},
 pages = {65--76},
 numpages = {12},
 url = {http://dl.acm.org/citation.cfm?id=2033345.2033353},
 acmid = {2033353},
 publisher = {Springer-Verlag},
 address = {Berlin, Heidelberg},
} 


@book{log4j,
  title={Logging in Java with the JDK 1.4 Logging API and Apache log4j},
  author={Gupta, S.},
  year={2003},
  publisher={Apress}
}

@book{lba,
  title={Computer Networks, Fourth Edition},
  author={Andrew S. Tanenbaum},
  year={2003},
  publisher={Prentice Hall PTR},
   pages={400}
}



@article{utrace,
  title={Utrace},
  author={McGrath, R.},
  journal={Linux Foundation Collaboration Summit},
  year={2009}
}

@inproceedings{lttng,
  title={The lttng tracer: A low impact performance and behavior monitor for gnu/linux},
  author={Desnoyers, M. and Dagenais, M.R.},
  booktitle={OLS (Ottawa Linux Symposium)},
  pages={209--224},
  year={2006},
  organization={Citeseer}
}

@article{gdb,
  title={Debugging with GDB: The GNU source-level debugger for GDB version 5.1. 1},
  author={Stallman, R.M. and Pesch, R. and Shebs, S.},
  year={2002},
  publisher={GNU Press}
}

@inproceedings{gimple,
  title={Extending GCC with modular GIMPLE optimizations},
  author={Callanan, S. and Dean, D.J. and Zadok, E.},
  booktitle={Proceedings of the 2007 GCC Developers’ Summit},
  pages={31--37},
  year={2007}
}

@inproceedings{llvm,
 author = {Lattner, Chris and Adve, Vikram},
 title = {The LLVM compiler framework and infrastructure tutorial},
 booktitle = {Proceedings of the 17th international conference on Languages and Compilers for High Performance Computing},
 series = {LCPC'04},
 year = {2005},
 isbn = {3-540-28009-X, 978-3-540-28009-5},
 location = {West Lafayette, IN},
 pages = {15--16},
 numpages = {2},
 url = {http://dx.doi.org/10.1007/11532378_2},
 doi = {10.1007/11532378_2},
 acmid = {2137514},
 publisher = {Springer-Verlag},
 address = {Berlin, Heidelberg},
} 

@article{specCPU2006,
 author = {Henning, John L.},
 title = {SPEC CPU2006 benchmark descriptions},
 journal = {SIGARCH Comput. Archit. News},
 issue_date = {September 2006},
 volume = {34},
 number = {4},
 month = sep,
 year = {2006},
 issn = {0163-5964},
 pages = {1--17},
 numpages = {17},
 url = {http://doi.acm.org/10.1145/1186736.1186737},
 doi = {10.1145/1186736.1186737},
 acmid = {1186737},
 publisher = {ACM},
 address = {New York, NY, USA},
} 

@inproceedings{kaho,
  title={A Runtime Code Modification Method for Application Programs},
  author={Yamato, K. and Abe, T. and Corpration, M.L.},
  booktitle={Proceedings of the Ottawa Linux Symposium},
  year={2009}
}

@book{tls,
  title={Threads primer: a guide to multithreaded programming},
  author={Lewis, B. and Berg, D.J.},
  year={1996},
  publisher={SunSoft Press}
}

@article{rdtsc,
  title={Modern CPU Performance Analysis on Linux},
  author={Kleen, A.},
  year={2011}
}

@article{katana,
  title={Katana: Towards patching as a runtime part of the compiler-linker-loader toolchain},
  author={Bratus, S. and Oakley, J. and Ramaswamy, A. and Smith, S.W. and Locasto, M.E.},
  journal={International Journal of Secure Software Engineering (IJSSE)},
  volume={1},
  number={3},
  pages={1--17},
  year={2010},
  publisher={IGI Global}
}

@techreport{dapper,
title = {Dapper, a Large-Scale Distributed Systems Tracing
Infrastructure},
author  = {Benjamin H. Sigelman and Luiz André Barroso and Mike
Burrows and Pat Stephenson and Manoj Plakal and Donald Beaver and Saul
Jaspan and Chandan Shanbhag},
year  = 2010,
institution = {Google, Inc.}
}

@inproceedings{fay,
 author = {Erlingsson, \'{U}lfar and Peinado, Marcus and Peter, Simon
 and Budiu, Mihai},
  title = {Fay: extensible distributed tracing from kernels to
  clusters},
    booktitle = {SOSP '11},
     year = {2011},
       location = {Cascais, Portugal},
              } 

@inproceedings{dtrace,
 author = {Cantrill, Bryan M. and Shapiro, Michael W. and Leventhal,
 Adam H.},
  title = {Dynamic instrumentation of production systems},
    booktitle = {USENIX'04},
     year = {2004},
      location = {Boston, MA},
            } 

@inproceedings{dprobe,
 author = {Moore, Richard J.},
  title = {A Universal Dynamic Trace for Linux and Other Operating
  Systems},
   booktitle = {Proceedings of the FREENIX Track: USENIX '01},
    year = {2001},
           } 

@inproceedings{systemtap,
  author = {V. Prasad and W. Cohen and F. C. Eigler and M. Hunt and J.
  Keniston and B. Chen},
  title = {Locating system problems using dynamic instrumentation},
  booktitle = {Proceedings of the 2005 Ottawa Linux Symposium (OLS)},
  year = {2005}
  }

@misc{systemtap_utrace,
  title = {{SystemTap User-Space Probing}}, 
  note =
  {\url{http://sourceware.org/systemtap/SystemTap_Beginners_Guide/userspace-probing.html}}
}


@inproceedings{keniston2007ptrace,
  title={Ptrace, utrace, uprobes: Lightweight, dynamic tracing of user
  apps},
    author={Keniston, J. and Mavinakayanahalli, A. and Panchamukhi, P.
    and Prasad, V.},
      booktitle={Proceedings of the 2007 Linux Symposium},
        pages={215--224},
          year={2007}
          }

@ONLINE{ptrace,
title = {Ptrace:Linux Process Trace: http://linux.die.net/man/2/ptrace},
url = {http://linux.die.net/man/2/ptrace}
}

@ONLINE{cdecl,
title = {Calling conventions for different operating systems},
url = {http://agner.org/optimize/calling\_conventions.pdf}
}

@ONLINE{log4c,
title = {log4c: Logging for C library},
url = {http://log4c.sourceforge.net}
}


@ONLINE{gcc_codegen,
title = {Options for Code Generation Convention in GCC: http://gcc.gnu.org/onlinedocs/gcc-4.3.1/gcc/Code-Gen-Options.html},
url = {http://gcc.gnu.org/onlinedocs/gcc-4.3.1/gcc/Code-Gen-Options.html}
}

@ONLINE{pannus,
title = {Pannus: A hot patching tool, http://pannus.sourceforge.net/},
url = {http://pannus.sourceforge.net/}
}

@ONLINE{livepatch,
title = {LivePatch:  http://ukai.jp/Software/livepatch/},
url = {http://ukai.jp/Software/livepatch/}
}

@inproceedings{valgrind,
 author = {Nethercote, Nicholas and Seward, Julian},
   title = {Valgrind: a framework for heavyweight dynamic binary instrumentation},
         booktitle = {PLDI '07},
  year = {2007},
  location = {San Diego, California, USA},
}   


@inproceedings{pin,
 author = {Luk, Chi-Keung and Cohn, Robert and Muth, Robert and Patil, Harish and Klauser, Artur and Lowney, Geoff and Wallace, Steven and Reddi, Vijay Janapa and Hazelwood, Kim},
 title = {Pin: building customized program analysis tools with dynamic instrumentation},
 booktitle = {Proceedings of the 2005 ACM SIGPLAN conference on Programming language design and implementation},
 series = {PLDI '05},
 year = {2005},
 isbn = {1-59593-056-6},
 location = {Chicago, IL, USA},
 pages = {190--200},
 numpages = {11},
 url = {http://doi.acm.org/10.1145/1065010.1065034},
 doi = {10.1145/1065010.1065034},
 acmid = {1065034},
 publisher = {ACM},
 address = {New York, NY, USA},
 keywords = {dynamic compilation, instrumentation, program analysis tools},
} 

@article{dyninst,
 author = {Buck, Bryan and Hollingsworth, Jeffrey K.},
 title = {An API for Runtime Code Patching},
 journal = {Int. J. High Perform. Comput. Appl.},
 issue_date = {November  2000},
 volume = {14},
 number = {4},
 month = nov,
 year = {2000},
 issn = {1094-3420},
 pages = {317--329},
 numpages = {13},
 url = {http://dx.doi.org/10.1177/109434200001400404},
 doi = {10.1177/109434200001400404},
 acmid = {1080630},
 publisher = {Sage Publications, Inc.},
 address = {Thousand Oaks, CA, USA},
} 
